
@Article{	  hau10:mlr,
  author	= {Haubold, B. and Pfaffelhuber, P. and Lynch, M.},
  title		= {\ty{mlRho}: A program for estimating the population
		  mutation and recombination rates from shotgun-sequenced
		  diploid genomes},
  journal	= {Molecular Ecology},
  year		= 2010,
  volume	= {19},
  pages		= {277--284}
}

@Article{	  li09:seq,
  author	= {Li, H. and Handsaker, B. and Wysoker, A. and Fennell, T.
		  and Ruan, J. and Homer, N. and Marth, G. and Abecasis, G.
		  and Durbin, R. and {1000 Genome Project Data Processing
		  Subgroup}},
  title		= {The sequence alignment/map format and {SAM}tools},
  journal	= {Bioinformatics},
  year		= 2009,
  key		= 1230,
  volume	= 25,
  pages		= {2078--2079}
}
